<?xml version="1.0" encoding="UTF-8"?><collection xmlns="http://www.loc.gov/MARC21/slim"><record><leader>00563nam--2200181-i-4500</leader><controlfield tag="001">000011042</controlfield><controlfield tag="002">20161230</controlfield><controlfield tag="005">20161230201029</controlfield><controlfield tag="008">060222s1000------------r-----000-0-eng-d</controlfield><datafield ind1=" " ind2=" " tag="040"><subfield code="a">IFIN-HH</subfield></datafield><datafield ind1=" " ind2=" " tag="080"><subfield code="a">539.219.3:546.3:546.3-19</subfield></datafield><datafield ind1="1" ind2=" " tag="100"><subfield code="a">Pratt, J.N</subfield></datafield><datafield ind1="1" ind2="0" tag="245"><subfield code="a">Diffusion and defect monograph series</subfield><subfield code="b">No.2: electrotransport in metals and alloys</subfield><subfield code="c">J.n.pratt, r.g.r. sellors</subfield></datafield><datafield ind1=" " ind2=" " tag="260"><subfield code="a">Aedermannsdorf, Switzerland</subfield><subfield code="b">Trans Tech Publications</subfield><subfield code="c">1970</subfield></datafield><datafield ind1=" " ind2=" " tag="300"><subfield code="a">202P</subfield></datafield><datafield ind1="1" ind2=" " tag="700"><subfield code="a">Sellors, R.G.R</subfield></datafield><datafield ind1=" " ind2=" " tag="852"><subfield code="a">40765</subfield><subfield code="c">539.217</subfield></datafield><datafield ind1=" " ind2=" " tag="CAT"><subfield code="a">Sys</subfield><subfield code="c">20121210</subfield><subfield code="h">153824</subfield></datafield></record></collection>